@PHDTHESIS{julien,
url = "http://www.theses.fr/2012GRENY036",
title = "Détection directionnelle de matière sombre avec MIMAC",
author = "Billard, Julien",
year = "2012",
note = "Thèse de doctorat dirigée par Mayet, Frédéric Physique Grenoble 2012",
note = "2012GRENY036",
url = "http://www.theses.fr/2012GRENY036/document",
}

@book{low-noise-electronic,
  title={Low noise electronic system design},
  author={Motchenbacher, C.D. and Connelly, J.A.},
  isbn={9780471577423},
  lccn={lc92039598},
  url={https://books.google.fr/books?id=VhkoAQAAMAAJ},
  year={1993},
  publisher={J. Wiley \& Sons}
}

@phdthesis{alex,
  TITLE = {{R{\'e}solution dans des bolom{\`e}tres {\'e}quip{\'e}s de couches minces d'isolant d'Anderson pour des {\'e}v{\'e}nements impliquant des reculs de noyaux}},
  AUTHOR = {Juillard, Alexandre},
  URL = {https://tel.archives-ouvertes.fr/tel-00002707},
  SCHOOL = {{Universit{\'e} Paris Sud - Paris XI}},
  YEAR = {1999},
  MONTH = Oct,
  KEYWORDS = {Bolom{\`e}tre ; R{\'e}solution ; Isolant d'Anderson ; WIMPs ; Recul de noyau ; RBS},
  TYPE = {Theses},
  PDF = {https://tel.archives-ouvertes.fr/tel-00002707/file/tel-00002707.pdf},
  HAL_ID = {tel-00002707},
  HAL_VERSION = {v1},
}

@techreport{note,
author = {Julien Billard and Maryvonne De Jesus and Jules Gascon and Alexandre Juillard},
title = {Thermal Modeling of the EDELWEISS Detectors -theory and experiment-},
year = {2016}
}

@misc{mccammon,
author = {Mccammon, Dan},
year = {2005},
month = {12},
pages = {3-23},
title = {Semiconductor Thermistors},
volume = {99},
booktitle = {Cryogenic Particle Detection}
}

@article{block-diagram,
title = "Microcalorimeter and bolometer model",
abstract = "An analytical model that predicted the behavior of microcalorimeters and bolometers was developed. The model included the effect of hot electrons in the detector sensor, a thermal decoupling between absorber and sensor, and the effect of a nonohmic thermometers. The model analytically predicted the detector responsivity and expected noise under given conditions. The performance of bolometers and microcalorimeters using block diagram algebra were also described.",
author = "M. Galeazzi and D. McCammon",
year = "2003",
month = "4",
doi = "10.1063/1.1559000",
volume = "93",
pages = "4856--4869",
journal = "Journal of Applied Physics",
issn = "0021-8979",
publisher = "American Institute of Physics Publising LLC",
number = "8",
}

@article{matrix,
author = {Enectali Figueroa-Feliciano},
title = {Complex microcalorimeter models and their application to position-sensitive detectors},
journal = {Journal of Applied Physics},
volume = {99},
number = {11},
pages = {114513},
year = {2006},
doi = {10.1063/1.2191449},

URL = { 
        http://dx.doi.org/10.1063/1.2191449
    
},
eprint = { 
        http://dx.doi.org/10.1063/1.2191449
   
}
}

@Article{elec,
author="Censier, B.
and Benoit, A.
and Bres, G.
and Charlieu, F.
and Gascon, J.
and Gironnet, J.
and Grollier, M.
and Guichardaz, R.
and Juillard, A.
and Lauro, L.
and Minet, J.
and Paul, B.
and Vagneron, L.",
title="EDELWEISS Read-out Electronics and Future Prospects",
journal="Journal of Low Temperature Physics",
year="2012",
month="Jun",
day="01",
volume="167",
number="5",
pages="645--651",
abstract="The read-out electronics of the EDELWEISS-II experiment is presented. Its implementation has been guided by two important design choices. The first one is putting cold electronics far from the detectors in order to attenuate possible background sources from electronic components. It implies strong constraints on noise optimization, line stray capacitance and thermal load. The second one is acquisition of fully digitized signals to minimize the E.M. noises and to take full advantage of digital processing possibilities for filtering and triggering. The resulting amplification scheme is presented for both ionization and heat channel, as well as performances of the full read-out scheme. Future prospects about the coming EDELWEISS-III experiment electronics are also discussed. This updated design takes advantage of the experience gained in previous steps of the experiment while aiming at fulfilling specific constraints of a future ton-scale experiment.",
issn="1573-7357",
doi="10.1007/s10909-012-0568-9",
url="https://doi.org/10.1007/s10909-012-0568-9"
}

@misc{benjamin,
author = {Lallemand Benjamin},
year = {2016},
title = {Rapport de stage : Développement de détecteur cryogénique bas-seuil
pour la recherche directe de matière noire}
}

@misc{albert,
author = {Albert Saporta-Druesnes},
year = {2016},
title = {Raport de stage : Développement de détecteurs cryogéniques bas-seuil
nouvelle génération pour la recherche de matière noire
légère avec l’expérience EDELWEISS-III}
}

@misc{romain,
author = {R. Maisonobe and  J. Billard and  M. De Jesus and L. Dumoulin and A. Juillard and S. Marnieros and C. Nones and
D. Misiak and S. Sayah and L. Vagneron and A. Zolotarova},
year = {2017},
title = {Experimental study and modelling of cryogenic detectors decoupling within dry cryostat}
}

@misc{planck,
title = {HFi Planck website},
howpublished = {Available at http://public.planck.fr/notre-univers/contenu-univers}
}

@book{ashcroft,
  title={Solid State Physics},
  author={Ashcroft, N.W. and Mermin, N.D.},
  isbn={9780030839931},
  lccn={lc74009772},
  series={HRW international editions},
  url={https://books.google.fr/books?id=oXIfAQAAMAAJ},
  year={1976},
  publisher={Holt, Rinehart and Winston}
}

@article{mather,
author = {John C. Mather},
journal = {Appl. Opt.},
keywords = {},
number = {6},
pages = {1125--1129},
publisher = {OSA},
title = {Bolometer noise: nonequilibrium theory},
volume = {21},
month = {Mar},
year = {1982},
url = {http://ao.osa.org/abstract.cfm?URI=ao-21-6-1125},
doi = {10.1364/AO.21.001125},
abstract = {New theoretical results for noise in cryogenic bolometers are derived. Johnson noise is reduced by as much as 60\% by electrothermal feedback from the bias supply. Phonon noise in the thermal link is reduced by as much as 30\% relative to the usual equilibrium formula. Photon noise in the Rayleigh-Jeans limit is computed with attention to the attenuation of the photon correlations in the light beam. Basic results on bolometer responsivity, time constant, and thermal properties are presented in a new and convenient form. Excess 1/f and contact shot noise are also discussed.},
}

@book{cpd,
      editor         = "Enss, C.",
      title          = "{Cryogenic particle detection}",
      publisher      = "Springer",
      address        = "Berlin, Germany",
      year           = "2005",
      volume         = "99",
      series         = "Topics in applied physics",
      SLACcitation   = "%%CITATION = INSPIRE-689775;%%"
}

@misc{spiral,
title = {Courbe },
howpublished = {Available at http://astronomia.fr/seminaires/annee1213/
matiereNoire.php}
}
